@article{gesbert2010multi,
  title={Multi-cell {MIMO} cooperative networks: A new look at interference},
  author={Gesbert, D. and Hanly, S. and Huang, H. and Shitz, S. S. and Simeone, O. and Yu, W.},
  journal={IEEE J. Sel. Areas Commun.},
  volume={28},
  number={9},
  pages={1380--1408},
  year={2010},
  publisher={IEEE}
}

@book{biglieri2007mimo,
  title={{MIMO} wireless communications},
  author={Biglieri, E.},
  year={2007},
  publisher={Cambridge University Press}
}

@article{yu2007transmitter,
  title={Transmitter optimization for the multi-antenna downlink with per-antenna power constraints},
  author={Yu, W. and Lan, T.},
  journal={IEEE Trans. Signal Process.},
  volume={55},
  number={6},
  pages={2646--2660},
  year={2007},
  publisher={IEEE}
}

@inproceedings{huh2009mimo,
  title={{MIMO} broadcast channel optimization under general linear constraints},
  author={Huh, H. and Papadopoulos, H. and Caire, G.},
  booktitle={Proc. IEEE Int. Symp. Inf. Theory (ISIT)},
  pages={2664--2668},
  year={June 2009},
}

@article{christensen2008weighted,
  title={Weighted sum-rate maximization using weighted {MMSE} for {MIMO-BC} beamforming design},
  author={Christensen, S. S. and Agarwal, R. and Carvalho, E. and Cioffi, J. M.},
  journal={IEEE Trans. Wireless Commun.},
  volume={7},
  number={12},
  pages={4792--4799},
  year={2008},
  publisher={IEEE}
}

@inproceedings{fritzsche2013robust,
  title={Robust sum rate maximization in the multi-cell {MU-MIMO} downlink},
  author={Fritzsche, R. and Fettweis, G. P.},
  booktitle={Proc. 2013 IEEE WCNC},
  pages={3180-3184}
}

@article{wang2012coordinated,
  title={Coordinated linear precoding in downlink multicell {MIMO-OFDMA} networks},
  author={Wang, K. and Wang, X. and Xu, W. and Zhang, X.},
  journal={IEEE Trans. Signal Process.},
  volume={60},
  number={8},
  pages={4264--4277},
  year={2012},
  publisher={IEEE}
}

@article{zhang2010cooperative,
  title={Cooperative multi-cell block diagonalization with per-base-station power constraints},
  author={Zhang, R.},
  journal={IEEE J. Sel. Areas Commun.},
  volume={28},
  number={9},
  pages={1435--1445},
  year={2010},
  publisher={IEEE}
}

@article{zhang2009networked,
  title={Networked {MIMO} with clustered linear precoding},
  author={Zhang, J. and Chen, R. and Andrews, J. G. and Ghosh, A. and Heath, R. W.},
  journal={IEEE Trans. Wireless Commun.},
  volume={8},
  number={4},
  pages={1910--1921},
  year={2009},
  publisher={IEEE}
}

@article{bjornson2012pareto,
  title={Pareto characterization of the multicell {MIMO} performance region with simple receivers},
  author={Bjornson, E. and Bengtsson, M. and Ottersten, B.},
  journal={IEEE Trans. Signal Process.},
  volume={60},
  number={8},
  pages={4464--4469},
  year={2012},
  publisher={IEEE}
}

@article{venturino2010coordinated,
  title={Coordinated linear beamforming in downlink multi-cell wireless networks},
  author={Venturino, L. and Prasad, N. and Wang, X.},
  journal={IEEE Trans. Wireless Commun.},
  volume={9},
  number={4},
  pages={1451--1461},
  year={2010},
  publisher={IEEE}
}

@article{zhang2010cooperativeinter,
  title={Cooperative interference management with {MISO} beamforming},
  author={Zhang, R. and Cui, S.},
  journal={IEEE Trans. Signal Process.},
  volume={58},
  number={10},
  pages={5450--5458},
  year={2010},
  publisher={IEEE}
}

@article{perez2010mimo,
  title={{MIMO} {Gaussian} channels with arbitrary inputs: {Optimal} precoding and power allocation},
  author={P{\'e}rez-Cruz, F. and Rodrigues, M. R. D. and Verd{\'u}, S.}, 
  journal={IEEE Trans. Inf. Theory},
  volume={56},
  number={3},
  pages={1070--1084},
  year={2010},
  publisher={IEEE}
}

@article{xiao2011globally,
  title={Globally optimal linear precoders for finite alphabet signals over complex vector {Gaussian} channels},
  author={Xiao, C. and Zheng, Y. R. and Ding, Z.},
  journal={IEEE Trans. Signal Process.},
  volume={59},
  number={7},
  pages={3301--3314},
  year={2011},
  publisher={IEEE}
}

@article{wu2012linear,
  title={Linear precoding for {MIMO} broadcast channels with finite-alphabet constraints},
  author={Wu, Y. and Wang, M. and Xiao, C. and Ding, Z. and Gao, X.},
  journal={IEEE Trans. Wireless Commun.},
  volume={11},
  number={8},
  pages={2906--2920},
  year={2012},
  publisher={IEEE}
}

@article{wang2011linear,
  title={Linear precoding for {MIMO} multiple access channels with finite discrete inputs},
  author={Wang, M. and Zeng, W. and Xiao, C.},
  journal={IEEE Trans. Wireless Commun.},
  volume={10},
  number={11},
  pages={3934--3942},
  year={2011},
  publisher={IEEE}
}

@inproceedings{liang2012linear,
  title={On linear precoding of non-regenerative {MIMO} relays for {QAM} inputs},
  author={Liang, X. and Ding, Z. and Xiao, C.},
  booktitle={Proc. IEEE Int. Conf. Commun.},
  pages={2439--2444},
  year={June 2012},
}

@article{zeng2012linearrelay,
  title={Linear precoding for relay networks: a perspective on finite-alphabet inputs},
  author={Zeng, W. and Zheng, Y. R. and Wang, M. and Lu, J.},
  journal={IEEE Trans. Wireless Commun.},
  volume={11},
  number={3},
  pages={1146--1157},
  year={2012},
  publisher={IEEE}
}

@article{liang2011sequential,
  title={Sequential linear {MIMO} precoder optimization for hybrid {ARQ} retransmission of {QAM} signals},
  author={Liang, X. and Zhao, C. and Ding, Z.},
  journal={IEEE Commun. Lett.},
  volume={15},
  number={9},
  pages={913--915},
  year={2011},
  publisher={IEEE}
}

@article{wu2012linearMIMOME,
  title={Linear precoding for finite-alphabet signaling over {MIMOME} wiretap channels},
  author={Wu, Y. and Xiao, C. and Ding, Z. and Gao, X. and Jin, S.},
  journal={IEEE Trans. Veh. Technol.},
  volume={61},
  number={6},
  pages={2599--2612},
  year={2012},
  publisher={IEEE}
}

@article{zeng2012low,
  title={A low-complexity design of linear precoding for {MIMO} channels with finite-alphabet inputs},
  author={Zeng, W. and Xiao, C. and Lu, J.},
  journal={IEEE Wireless Commun. Lett.},
  volume={1},
  number={1},
  pages={38--41},
  year={2012},
  publisher={IEEE}
}

@article{palomar2006tutorial,
  title={A tutorial on decomposition methods for network utility maximization},
  author={Palomar, D. P. and Chiang, M.},
  journal={IEEE J. Sel. Areas Commun.},
  volume={24},
  number={8},
  pages={1439--1451},
  year={2006},
  publisher={IEEE}
}

@book{boyd2004convex,
  title={Convex optimization},
  author={Boyd, S. P. and Vandenberghe, L.},
  year={2004},
  publisher={Cambridge university press}
}

@book{hjorungnes2011complex,
  title={Complex-valued matrix derivatives: with applications in signal processing and communications},
  author={Hj{\o}rungnes, A.},
  year={2011},
  publisher={Cambridge University Press}
}

@article{zhang2004cochannel,
  title={Cochannel interference mitigation and cooperative processing in downlink multicell multiuser {MIMO} networks},
  author={Zhang, H. and Dai, H.},
  journal={EURASIP Journal on Wireless Communications and Networking},
  volume={2004},
  number={2},
  pages={222--235},
  year={2004},
  publisher={Hindawi Publishing Corp.}
}

@inproceedings{payaro2009optimal,
  title={On optimal precoding in linear vector {Gaussian} channels with arbitrary input distribution},
  author={Payar{\'o}, M. and Palomar, D. P.},
  booktitle={Proc. IEEE Int. Symp. Inf. Theory (ISIT)},
  pages={1085--1089},
  year={2009}
}

